@article{AKS04,
  title={{PRIMES is in P}},
  author={Agrawal, Manindra and Kayal, Neeraj and Saxena, Nitin},
  journal={Annals of Mathematics},
  pages={781--793},
  volume = {160},
  number = {2},
  year={2004},
  publisher={JSTOR}
}


@article {MR480295,
    AUTHOR = {Miller, Gary L.},
     TITLE = {Riemann's hypothesis and tests for primality},
   JOURNAL = {J. Comput. System Sci.},
  FJOURNAL = {Journal of Computer and System Sciences},
    VOLUME = {13},
      YEAR = {1976},
    NUMBER = {3},
     PAGES = {300--317},
      ISSN = {0022-0000},
   MRCLASS = {10-04 (10A25 68A20)},
  MRNUMBER = {480295},
MRREVIEWER = {P.\ J.\ Weinberger},
       DOI = {10.1016/S0022-0000(76)80043-8},
       URL = {https://doi.org/10.1016/S0022-0000(76)80043-8},
}


@article {MR566880,
    AUTHOR = {Rabin, Michael O.},
     TITLE = {Probabilistic algorithm for testing primality},
   JOURNAL = {J. Number Theory},
  FJOURNAL = {Journal of Number Theory},
    VOLUME = {12},
      YEAR = {1980},
    NUMBER = {1},
     PAGES = {128--138},
      ISSN = {0022-314X,1096-1658},
   MRCLASS = {10-04 (10A25)},
  MRNUMBER = {566880},
MRREVIEWER = {D.\ H.\ Lehmer},
       DOI = {10.1016/0022-314X(80)90084-0},
       URL = {https://doi.org/10.1016/0022-314X(80)90084-0},
}


@article {MR429721,
    AUTHOR = {Solovay, R. and Strassen, V.},
     TITLE = {A fast {M}onte-{C}arlo test for primality},
   JOURNAL = {SIAM J. Comput.},
  FJOURNAL = {SIAM Journal on Computing},
    VOLUME = {6},
      YEAR = {1977},
    NUMBER = {1},
     PAGES = {84--85},
      ISSN = {0097-5397},
   MRCLASS = {10A25 (10-04)},
  MRNUMBER = {429721},
MRREVIEWER = {George\ Marsaglia},
       DOI = {10.1137/0206006},
       URL = {https://doi.org/10.1137/0206006},
}


@article{N82,
  title={{On Chebyshev-Type Inequalities for Primes}},
  author={M. Nair},
  journal={The American Mathematical Monthly},
  pages={126--129},
  volume = {89},
  number = {2},
  year={1982}
}


@book{AlgebraLang,
  title={Algebra},
  author={Lang, S.},
  isbn={9780387953854},
  lccn={01054916},
  series={Graduate Texts in Mathematics},
  url={https://books.google.cl/books?id=Fge-BwqhqIYC},
  year={2005},
  publisher={Springer New York}
}

